% Encoding: UTF-8
%%% jecon.bst での処理前提!
@book{Matsumura1980,
	author		={松村,英之},
	title		={可換環論（復刊）},
	publisher	={共立出版},
	year 		={1980},
	language 	={ja},
	yomi		={まつむら}
}
@book{Matusmura1986,
	author		={H. Matsumura},
	title		={Commutative Ring Theory},
	year		={1986},
	publisher	={Cambridge Univ. Press},
	translator	={M. Reid}
}
@book{Matusmura1970,
	author		={H. Matsumura},
	title		={Commutative Algebra (Second ed.)},
	publisher	={Benjamin},
	year		={1970}
}
@book{Bruns-Herzog1997,
	author 		={W. Bruns and J. Herzog},
	title		={Cohen--Macaulay Rings (Revised ed.)},
	publisher 	={Cambridge Univ. Press},
	year		={1997}
} 
@book{Goto-Watanabe2011,
	author 		={後藤,四郎 and 渡辺,敬一},
	title 		={可換環論},
	publisher 	={日本評論社},
	year 		={2011},
	language 	={ja},
	yomi 		={ごとう and わたなべ}
}
@book{Atiyah-MacDonald1969,
	author 		={M. F. Atiyah and I. G. MacDonald},
	title 		={Introduction To Commutative Algebra},
	publisher 	={Addison--Wesley},
	year 		={1969},
	jauthor 	={新妻, 弘},
	jtitle 		={可換代数入門},
	jpublisher 	={共立出版},
	jyear 		={2006}
}
@book{Nagata1974,
	author 		={永田,雅宜},
	title 		={可換環論},
	publisher 	={紀伊國屋書店},
	year 		={1974},
	language 	= {ja},
	yomi 		={ながた}
}
@book{Iitaka1977,
	author 		={飯高,茂},
	title 		={岩波講座~基礎数学~代数学iv~可換環論},
	publisher 	={岩波書店},
	year 		={1977},
	language 	={ja},
	yomi 		={いいたか}
}
@book{Bourbaki1970,
	author 		={N. Bourbaki},
	title 		={Alg\'ebre, Chap. I--X.},
	publisher	={Hermann},
	year		={1970--1975}
}

@book{Eisenbad1995,
	author 		={D. Eisenbad},
	title 		={Commutative Algebra with a View Toward Algebraic Geometry},
	publisher 	={Springer},
	year 		={1995},
}
@book{Zariski-Samuel1975,
	author		={O. Zariski and P. Samuel},
	title		={Commutative algebra, Vols. I and II.},
	publisher	={Springer},
	year		={1975},
}
@book{Hartshorne1977,
	author 		={R. Hartshorne},
	title 		={Algebraic Geometry},
	publisher 	={Springer},
	year 		={1977},
	jauthor 	={高橋,宣熊 and 松下,大介},
	jtitle 		={代数幾何学1,2,3},
	jpublisher 	={シュプリンガー・フェアラーク東京},
	jyear 		={2004}
}
@book{Shiho2016,
	author 		={志甫,淳},
	title 		={層とホモロジー代数},
	publisher 	={共立出版},
	year 		={2016},
	language 	={ja},
	yomi 		={しほ}
}
@book{Kawada1976,
	author 		={河田,敬義},
	title 		={岩波講座~基礎数学~代数学iii~ホモロジー代数},
	publisher 	={岩波書店},
	year 		={1976},
	language 	={ja},
	yomi 		={かわだ}
}
@book{Kato2003,
	author 		={加藤,五郎},
	title 		={コホモロジーのこころ},
	publisher 	={岩波書店},
	year 		={2003},
	language 	={ja},
	yomi		={かとう}
}
@book{MacLane1998,
	author		={S. MacLane},
	title		={Categories for the Working Mathematician (2nd ed.)},
	publisher	={Springer},
	year		={1998},
	jtitle		={圏論の基礎},
	jauthor		={三好,博之 and 高木,理},
	jyear		={2012},
	jpublisher	={シュプリンガー・フェアラーク東京}
}
@book{Leinster2014,
	author 		={T. Leinster},
	title 		={Basic Category Theory},
	publisher 	={Cambridge Univ. Press},
	year 		={2014},
	jauthor		={土岡,俊介 and 斎藤,恭司},
	jtitle 		={ベーシック圏論\quad 普遍性からの速習コース},
	jpublisher 	={丸善出版},
	jyear 		={2017},
	arXiv_print ={1612.09375}
}
@book{Kunen2009,
	author		={K. Kunen},
	title		={The Foundations of Mathematics},
	year		={2009},
	publisher	={College Publications},
	jauthor		={藤田,博司},
	jtitle		={キューネン数学基礎論講義},
	jyear		={2016},
	jpublisher	={日本評論社},
}
@Article{Narita1971, 
	author   	={成田,正雄},
	title     	={Unique factorization domains},
	publisher 	={東京都立大学理学部数学教室},
	year      	={1971},
	journal    	={都立大学数学教室セミナー報告},
	language 	={ja},
	yomi 		={なりた}
}
@book{Narita1970,
	author		={成田,正雄},
	title		={イデアル論入門（復刊）},
	publisher	={共立出版},
	year		={1970},
	language	={ja},
	yomi		={なりた},
}
@Article{Hodges1974,
	author		={W. Hodges},
	title		={Six Impossible Rings},
	journal		={Journal of Algebra},
	volume		={31},
	year		={1974},
	pages		={218--244},
	doi			={10.1016/0021-8693(74)90065-9},
}
@Article{Bjork1973,
	author  	={Björk, J. E.},
	title   	={Noetherian and artinian chain conditions of associative rings},
	journal 	={Archiv der Mathematik},
	year    	={1973},
	volume  	={24},
	number  	={1},
	pages   	={366--378},
	issn    	={1420-8938},
	doi     	={10.1007/BF01228225},
}
@article{Akizuki1935,
	author		={Y. Akizuki},
	title		={Einige Bemerkungen über primäre Integritätsbereiche mit teilerkettensatz},
	journal		={Proc. Phys.--Math. Soc. Japan},
	volume		={17},
	number		={},
	pages		={327-336},
	year		={1935},
	doi			={10.11429/ppmsj1919.17.0_327}
}
@Article{Formanek1973,
	author  	={Formanek, E.},
	title   	={Faithful Noetherian Modules},
	journal 	={Proc. Amer. Math. Soc.},
	year    	={1973},
	pages   	={381--383},
	volume  	={41},
	doi     	={10.2307/2039099},
}
@article{baer1940,
	author 		={Baer, R.},
	title 		={Abelian groups that are direct summands of every containing abelian group},
	journal 	={Bull. Amer. Math. Soc.},
	month 		={10},
	number 		={10},
	pages 		={800--806},
	doi 		={10.1090/S0002-9904-1940-07306-9},
	volume 		={46},
	year 		={1940}
}
@Article{Nagata1973,
	author		={Nagata, M.},
	title		={On the Chain Problem of Prime Ideals}, 
	year		={1956}, 
	journal		={Nagoya Math. J.}, 
	volume		={10}, 
	doi			={10.1017/S0027763000000076}, 
	pages		={51--64}
}
@Article{Nagata1957,
	author		={Nagata, M.},
	title		={A remark on the unique factorization theorem},
	journal		={J. Math. Soc. Japan},
	volume		={9},
	number		={1},
	pages		={143-145},
	year		={1957},
	doi			={10.2969/jmsj/00910143}
}
@Article{Cohen1946,
	author 		={I. S. Cohen},
	title 		={On the Structure and Ideal Theory of Complete Local Rings},
	journal 	={Trans. Amer. Math. Soc.},
	number	 	={1},
	pages 		={54--106},
	volume 		={59},
	year 		={1946},
	doi			={10.2307/1990313},
}
@Article{Krull1938,
	author		={W. Krull},
	title 		={Dimensionstheorie in Stellenringen},
	journal 	={Journal für die reine und angewandte Mathematik},
	pages 		={204-226},
	doi 		={10.1515/crll.1938.179.204},
	volume 		={179},
	year 		={1938},
}
@Article{Anderson2009,
	author 		={Anderson, D. D. and Winders, M.},
	title 		={Idealization of a Module},
	doi 		={10.1216/JCA-2009-1-1-3},
	journal 	={J. Commut. Algebra},
	month 		={03},
	number 		={1},
	pages 		={3--56},
	volume 		={1},
	year 		={2009}
}
@Article{Lichtenbaum1966,
	author 		={Lichtenbaum, S.},
	title 		={On the vanishing of Tor in regular local rings},
	journal 	={Illinois J. Math.},
	doi 		={10.1215/ijm/1256055103},
	month 		={06},
	number 		={2},
	pages 		={220--226},
	volume 		={10},
	year 		={1966}
}
@Article{Heitmann1993,
	author		={R. C. Heitmann},
	title		={A counterexample to the rigidity conjecture for rings},
	journal		={Bull. Amer. Math. Soc.},
	doi			={10.1090/S0273-0979-1993-00410-5},
	volume		={29},
	pages		={94--97},
	year		={1993},
	arXiv_print	={math/9307225},
}
@misc{Goel2018,
	author 		={K. Goel and D. P. Patil and J. Verma},
	title 		={Nullstellensätze and Applications},
	year 		={2018},
	arXiv_print ={1809.02818},	
}
@Article{Grothendieck1957,
	author 		={Grothendieck, A.},
	title 		={Sur quelques points d'algèbre homologique, I},
	doi 		={10.2748/tmj/1178244839},
	journal 	={Tohoku Math. J.},
	number		={2},
	pages 		={119--221},
	volume 		={9},
	year 		={1957}
}
@article{Matlis1958,
	author 		={Matlis, E.},
	title 		={Injective modules over Noetherian rings.},
	journal 	={Pacific J. Math.},
	number 		={3},
	pages 		={511--528},
	volume 		={8},
	year 		={1958},
	doi			={10.2140/pjm.1958.8.511}
}
@book{Macaulay1916,
	author		={F. S. Macaulay},
	title		={The algebraic theory of modular systems},
	year		={1916},
	publisher	={Cambridge Univ. Press}
}
@article{Hopkins1939,
	author 		={C. Hopkins},
	title	 	={Rings With Minimal Condition for Left Ideals},
	journal 	={Ann. Math.},
	number 		={3},
	pages 		={712--730},
	volume 		={40},
	year 		={1939},
	doi			={10.2307/1968951}
}
@article{Ratliff1972,
	author 		={L. J. Ratliff},
	title 		={Catenary Rings and the Altitude Formula},
	journal 	={Amer. J. Math.},
	number 		={2},
	pages 		={458--466},
	publisher 	={Johns Hopkins University Press},
	volume 		={94},
	year 		={1972},
	doi			={10.2307/2374632}
}
@article{Schenzel2003, 
	title		={Proregular sequences, local cohomology, and completion}, 
	volume		={92}, 
	doi			={10.7146/math.scand.a-14399}, 
	number		={2}, 
	journal		={Math. Scand.}, 
	author		={Schenzel, P.}, 
	year		={2003}, 
	month		={Jun.}, 
	pages		={161-180}
}
@article{Hamilton2007,
	title 		={Non-Noetherian Cohen--Macaulay rings},
	journal 	={Journal of Algebra},
	volume 		={307},
	number 		={1},
	pages 		={343-360},
	year 		={2007},
	doi 		={10.1016/j.jalgebra.2006.08.003},
	author 		={T. D. Hamilton and T. Marley},
}
@book{Grothendieck1966,
	title		={Local cohomology, notes by R. Hartshorne},
	author		={Grothendieck, A.},
	year		={1966},
	publisher	={Springer}
}
@article{Greenlees1992,
	title 		={Derived functors of I-adic completion and local homology},
	journal 	={Journal of Algebra},
	volume 		={149},
	number 		={2},
	pages 		={438-453},
	year 		={1992},
	doi 		={10.1016/0021-8693(92)90026-I},
	author 		={J. P. C. Greenlees and J. P. May}
}
@article{Kim2020,
	title		={A note on Non-Noetherian Cohen--Macaulay rings},
	journal		={Proc. Amer. Math. Soc.},
	author		={Y. Kim and A. Walker},
	doi			={10.1090/proc/14836},
	volume		={148},
	number		={3},
	year		={2020},
	pages		={1031-1042},
	arXiv		={1812.05079}
}
@article{Blass1979,
	author 		={A. Blass},
	journal 	={Trans. Amer. Math. Soc.},
	pages 		={31--59},
	title 		={Injectivity, Projectivity, and the Axiom of Choice},
	volume 		={255},
	year 		={1979},
	doi			={10.2307/1998165}
}
@article{Samuel1964,
	author		={P. Samuel},
	title		={Lectures on unique factorization domains},
	year		={1964},
	journal		={Tata Institute of Fundamental Research Lectures on Math.},
	volume		={30}
}
@article{Grams1974,
	title		={Atomic rings and the ascending chain condition for principal ideals},
	author		={A. Grams},
	year		={1974},
	number		={3},
	doi			={10.1017/S0305004100048532}, 
	journal		={Proc. Camb. Phil. Soc.}, 
	pages		={321--329},
	volume		={75}
}
@article{Anderson1990,
	title 		={Factorization in integral domains},
	journal 	={J. of Pure and Applied Algebra},
	volume 		={69},
	number 		={1},
	pages 		={1-19},
	year		={1990},
	doi 		={10.1016/0022-4049(90)90074-R},
	author 		={D. D. Anderson and D. F. Anderson and M. Zafrullah},
}
@article{Anderson2006,
	author 		={Anderson, D. F.},
	year 		={2006},
	pages 		={21-37},
	title 		={Robert Gilmer's work on semigroup rings},
	publisher	={Springer},
	journal 	={Multiplicative Ideal Theory in Commutative Algebra: A Tribute to the Work of Robert Gilmer},
	doi 		={10.1007/978-0-387-36717-0_2}
}
@article{Hodges1976,
	title		={Läuchli's algebraic closure of Q}, 
	volume		={79}, 
	doi			={10.1017/S0305004100052282}, 
	number		={2}, 
	journal		={Proc. Camb. Phil. Soc.}, 
	author		={Hodges, W.}, 
	year		={1976}, 
	pages		={289--297}
}
@article{Krause2015,
	title = {Krull--Schmidt categories and projective covers},
	journal = {Expo. Math.},
	volume = {33},
	number = {4},
	pages = {535--549},
	year = {2015},
	doi = {10.1016/j.exmath.2015.10.001},
	author = {H. Krause},
}
@article{Huneke2007,
	author 		={Huneke, C.},
	year 		={2007},
	pages 		={51--100},
	title 		={Lectures on local cohomology (with an appendix by Amelia Taylor)},
	volume 		={436},
	journal 	={Contemp. Math.}
}
@article{Nagata1950,
	title		={On the Structure of Complete Local Rings}, 
	volume		={1}, 
	doi			={10.1017/S0027763000022844},
	journal		={Nagoya Math. J.}, 
	author		={Nagata, M.}, 
	year		={1950}, 
	pages		={63--70}
}
@inProceedings{Takagi2010,
	title		={可換環論の発展---ホモロジカル予想を中心として---},
	author		={高木,俊輔 and 高橋,亮},
	year		={2010},
	booktitle	={第５４回代数学シンポジウム報告集},
	pages		={31--46},
	language	={ja},
	yomi		={たかぎ}
}
@inProceedings{Shimomoto2016,
	title		={Almost Ring Theoryの観点からのホモロジカル予想},
	author		={下元,数馬},
	language	={ja},
	yomi		={しももと},
	year		={2016},
	booktitle	={第６１回代数学シンポジウム報告集},
	pages		={279--289}
}
@inProceedings{Takagi2020,
	title		={可換環論における問題設定},
	author		={高木,俊輔},
	year		={2020},
	pages		={14--20},
	language	={ja},
	yomi		={たかぎ},
	booktitle	={数理科学（2020年10月号）},
	publisher	={サイエンス社}
}
@article{Hochster1991,
	author 		={M. Hochster and C. Huneke},
	title 		={Absolute integral closures are big Cohen-Macaulay algebras in characteristic $P$},
	volume 		={24},
	journal 	={Bull. Amer. Math. Soc. (N.S.)},
	number 		={1},
	pages 		={137 -- 143},
	year 		={1991},
	doi 		={bams/1183556250},
}
@Article{Andre2018-1,
	author		={André, Y.},
	title		={La conjecture du facteur direct},
	journal		={Publications math{\'e}matiques de l'IH{\'E}S},
	year		={2018},
	volume		={127},
	number		={1},
	pages		={71-93},
	doi			={10.1007/s10240-017-0097-9},
}
@article{Andre2018-2,
	author		={André, Y.},
	title		={Le lemme d' Abhyankar perfectoide},
	journal		={Publications mathématiques de l'IHÉS},
	volume		={127},
	number		={1},
	pages		={1--70},
	year		={2018},
	doi			={10.1007/s10240-017-0096-x}
}
@inProceedings{Serre1956,
	author		={J. P. Serre},
	title		={Sur la dimension homologique des anneaux et des modules Noethériens},
	year		={1956},
	booktitle	={Proceedings of the International Symposium on Algebraic Number Theory : Tokyo \& Nikko, September 1955},
	publisher	={Organizing Committee},
	pages		={201--215}
}
@book{Hochster1975,
	author		={M. Hochster},
	title		={Topics in the homological theory of modules over commutative ring},
	series		={CBMS Regional Conference Series in Mathematics},
	volume		={24},
	publisher	={Amer. Math. Soc.},
	year		={1975},
	doi			={10.1090/CBMS/024}
}
@article{Hochster1990,
	author 		={M. Hochster and C. Huneke},
	journal 	={J. Amer. Math. Soc.},
	number 		={1},
	pages 		={31--116},
	title 		={Tight Closure, Invariant Theory, and the Briancon-Skoda Theorem},
	volume 		={3},
	year 		={1990},
	doi			={10.2307/1990984}
}
@article{Hochster1983,
	title 		={Canonical elements in local cohomology modules and the direct summand conjecture},
	journal 	={Journal of Algebra},
	volume 		={84},
	number 		={2},
	pages 		={503--553},
	year 		={1983},
	doi 		={10.1016/0021-8693(83)90092-3},
	author 		={M. Hochster}
}
@article{Hochster2002,
	title 		={Big Cohen--Macaulay algebras in dimension three via Heitmann's theorem},
	journal 	={Journal of Algebra},
	volume 		={254},
	number 		={2},
	pages 		={395--408},
	year 		={2002},
	doi 		={10.1016/S0021-8693(02)00086-8},
	author 		={M. Hochster}
}
@article{Heitmann2002,
	doi			={10.2307/3597204},
	author 		={R.C. Heitmann},
	journal 	={Ann. Math.},
	number 		={2},
	pages 		={695--712},
	title 		={The Direct Summand Conjecture in Dimension Three},
	volume		={156},
	year 		={2002}
}
@article{Muller1970,
	author 		={B. J. Müller},
	title 		={On semi-perfect rings},
	volume 		={14},
	journal 	={Illinois J. Math.},
	number 		={3},
	pages		={464 -- 467},
	year		={1970},
	doi 		={10.1215/ijm/1256053082},
}
@book{Hazewinkel2005,
	author 		={Hazewinkel, M. and Gubareni, N. and Kirichenko, V.},
	year 		={2005},
	title 		={Algebras, Rings and Modules: Volume 1},
	doi = {10.1007/1-4020-2691-9},
	publisher	={Kluwer Academic},
}
@article{Bass1960,
	author 		={H. Bass},
	journal 	={Trans. Amer. Math. Soc.},
	number 		={3},
	pages 		={466--488},
	title 		={Finitistic Dimension and a Homological Generalization of Semi-Primary Rings},
	volume 		={95},
	year 		={1960}
}